%% This BibTeX bibliography file was created using BibDesk.
%% http://bibdesk.sourceforge.net/

%% Created for awall at 2017-08-21 11:55:51 -0700 


%% Saved with string encoding Unicode (UTF-8) 



@book{higgins1995,
    title = {Concepts in Probability and Stochastic Modeling},
    author = {James J. Higgins and Sallie Keller McNulty},
    year = {1995},
    edition = {First Edition},
    publisher = {Duxbury Press},
    address = {Wadsworth, Duxbury}
}

@book{Hauwermeiren2009,
    title = {A compendium of Distributions},
    author = {M. van Hauwermeiren and David Vose},
    year = {2009},
    publisher = {Vose Software},
    address = {Ghent, Belgium}
}

@book{McCullagh1989,
    title = {Generalized Linear Models},
    author = {Peter McCullagh and John Ashworth Nelder},
    year = {1989},
    edition = {Second Edition},
    publisher = {Chapman and Hall/ CRC Monographs on Statistics and Applied Probability},
    address = {Boca Raton, Florida}
}

@book{Ramsey2002,
    title = {The Statistical Sleuth: A course in methods of data analysis},
    author = {Fred Ramsey and Daniel Schafer},
    year = {2002},
    edition = {Second Edition},
    publisher = {Brooks/ Cole Cengage Learning},
    address = {Boston, Massachusetts}
}

@book{Sue2010,
    title = {Microagressions in Everyday Life: Race, Gender, and Sexual Orientation},
    author = {Derald Wing Sue},
    year = {2010},
    publisher ={John Wiley and Sons, Inc.},
    address = {Hoboken, New Jersey}
}

@book{Barnett2008,
    title ={An Introduction to Generalized Linear Models},
    author = {Adrian Barnett and Annette J. Dobson},
    year ={2008},
    edition = {Third Edition},
    publisher = {Chapman and Hall/ CRC Press},
    address = {Boca Raton, FL}
}

@book{Kutner2003,
    title = {Applied Linear Regression Models},
    author = {Michael Kutner and Christopher Nachtsheim and John Neter},
    year = {2003},
    edition = {Fourth Edition},
    publisher = {McGraw-Hill/ Irwin}
}

@book{Bryk2002,
    title = {Hierarchical Linear Models: Applications and Data Analysis Methods},
    author = {Stephen W. Raudenbush and Anthony S. Bryk},
    year= {2002},
    edition = {2},
    publisher= {SAGE Publications, Inc.}
}

@book{Singer2003,
    title = {Applied Longitudinal Data Analysis: Modeling Change and Event Occurrence},
    author = {Judith D. Singer and John B. Willett},
    year = {2003},
    edition = {1},
    publisher = {Oxford University Press, Inc.},
    address = {New York, New York}
}

@book{Bickel2007,
  author = {Robert Bickel},
  title = {Multilevel Analysis for Applied Research},
  subtitle = {It's Just Regression!},
  year = {2007},
  publisher = {Guilford Publications},
  address = {New York, New York}
}

@book{Efron1993,
  title = {An Introduction to the Bootstrap},
  author = {Bradley Efron and R.J. Tibshirani},
  year = {1993},
  publisher = {Chapman \& Hall/CRC},
}

@book{Davison1997,
  title = {Bootstrap Methods and Their Application},
  author = {A. C. Davison and D. V. Hinkley},
  year = {1997},
  publisher = {Cambridge University Press},
  }
  
@book{Lewis2003,
  title = {Moneyball: The Art of Winning an Unfair Game},
  author = {Michael M. Lewis},
  year = {2003},
  publisher = {W. W. Norton \& Company}
}

@book{Stigler2002,
  title = {Statistics on the Table},
  subtitle = {The History of Statistical Concepts and Methods},
  author = {Stephen M. Stigler},
  year = {2002},
  publisher = {Harvard University Press}
}

@book{Cannon2019,
  title = {Stat2},
  subtitle= {Modeling with Regression and ANOVA},
  author = {Ann Cannon and George Cobb and Brad Hartlaub and Julie Legler and 
            Robin Lock and Tom Moore and Allan Rossman and Jeff Witmer},
  year = {2019},
  publisher = {Macmillan}
}

@book{Diggle2002,
  author = {P. J. Diggle and P. Heagarty and K.‚ÄêY. Liang and S. L. Zeger},
  title = {Analysis of Longitudinal Data}, 
  publisher = {Oxford University Press},
  year = {2002}
}

@book{Faraway2005,
  author = {J. Faraway, Julian},
  title = {Extending the Linear Model With R},
  subtitle = {Generalized Linear, Mixed Effects and Nonparametric Regression Models},
  year = {2005},
  publisher = {Chapmen \& Hall/ CRC},
  address = {Boca Raton, FL}
}

@book{Weiss2005,
  author = {Robert E. Weiss},
  title = {Modeling Longitudinal Data},
  year = {2005},
  publisher = {Springer-Verlag},
  address = {New York, NY}
}

@book{Moskowitz2011,
  author = {Tobias J. Moskowitz and L. Jon Wertheim},
  title = {Scorecasting},
  subtitle = {The Hidden Influences Behind How Sports Are Played and Games Are Won},
  year = {2011},
  publisher = {Crown Archetype},
  address = {New York}
}