%% This BibTeX bibliography file was created using BibDesk.
%% http://bibdesk.sourceforge.net/

%% Created for awall at 2017-08-22 19:03:51 -0700 


%% Saved with string encoding Unicode (UTF-8) 


@Misc{BBCNEWS1995,
    howpublished = {BBC NEWS},
    title = {Sisters `make people happy'},
    year = {2009},
    month = {04},
    note = {A 2009 study at the University of Ulster}
}

@Misc{CIA2013,
    publisher = {Central Intelligence Agency},
    howpublished = {The World Factbook},
    title = {The World Factbook},
    year = {2013},
    month = {06}
}

@Misc{NLSY1997,
    author = {{Bureau of Labor Statistics}},
    howpublished = {National Longitudinal Surveys},
    title = {National Longitudinal Surveys},
    year = {1997},
    url = {https://www.bls.gov/nls/nlsy97.htm}
}

@Misc{Duggan2013,
    author = {Aaron Smith and Maeve Duggan},
    title = {Online Dating and Relationships},
    howpublished = {Pew Research Center: Internet and Technology},
    month = {10},
    year = {2013}
}

@Misc{idre2018,
    title ={Zero-Inflated Negative Binomial Regression | R Data Analysis Examples},
    year = {2018},
    howpublised = {UCLA Institute for Digital Research and Education},
    URL = {https://stats.idre.ucla.edu/r/dae/zinb/}
}

@Misc{Evans2003,
    title = {A Guide to F-Scale Damage Assessment},
    year = {2003},
    month = {APR},
    howpublished ={U.S. Department of Commerce/ National Oceanic and Atmospheric Administration},
    author = {Donald L. Evans and Conrad C. Lautenbacher and John J. Kelly Jr.}
}

@techreport{Stevenson2010,
    author = {Betsey Stevenson},
    title = {Beyond the Classroom: Using Title IX to Measure the Return to High School Sports},
    institution = {National Bureau of Economic Research},
    type = {Working Paper},
    series = {Working Paper Series},
    number = {15728},
    year = {2010},
    doi = {10.3386/w15728},
    URL = {http://www.nber.org/papers/w15728}
}

@Misc{YRBS2009,
    title = {Youth Risk Behavior Survey Data},
    year = {2009},
    author = {{Centers for Disease Control and Prevention}},
    url = {http://www.cdc.gov/HealthyYouth/yrbs/index.htm}
}

@Misc{Lepkowski2008,
    title = {Encyclopedia of Survey Research Methods/ Primary Sampling Unit (PSU)},
    author = {James M. Lepkowski},
    howpublished = {SAGE Publications, Inc.},
    year = {2008},
    note = {doi: 10.4135/9781412963947, url: http://sk.sagepub.com/reference/survey}
}

@inproceedings{Eisinger2011,
  author = {Robert Eisinger and Amanda Elling and J.R. Stamp},
  title = {Tree Growth Rates and Mortality},
  booktitle = {Proceedings of the National Conference on Undergraduate Research (NCUR)},
  year = {2011},
  organization = {Center for Interdisciplinary Research},
  address = {Ithaca College, New York},
  note = {March 31,2011 -- April 2, 2011}
}

@misc{KentuckyDerby,
  author = "{Wikipedia contributors}",
  title = "Kentucky Derby --- {Wikipedia}{,} The Free Encyclopedia",
  year = "2018",
  url = "https://en.wikipedia.org/w/index.php?title=Kentucky_Derby&oldid=846316018",
  note = "[Online; accessed 18-June-2018]"
}



@Manual{RProject,
  title        = {R: A Language and Environment for Statistical Computing},
  author       = {{R Core Team}},
  organization = {R Foundation for Statistical Computing},
  address      = {Vienna, Austria},
  year         = {2017},
  url          = {https://www.R-project.org}
}

@misc{PSA,
  title = {Family Income and Expenditure Survey},
  author = {{Philippine Statistics Authority}},
  year = {2015},
  url = {https://www.kaggle.com/grosvenpaul/family-income-and-expenditure},
}

@misc{harlfoxem,
  title = {House Sales in King County, USA},
  url = {https://www.kaggle.com/harlfoxem/housesalesprediction/home},
  urldate = {2018-06-29}
}

@misc{rossotti,
  title = {NBA Enhanced Box Scores and Standings},
  url = {https://www.kaggle.com/pablote/nba-enhanced-stats},
  urldate = {2018-08-01}
}

@misc{CharterSchools,
  title = {National Charter School Resource Center},
  subtitle = {Frequently Asked Questions},
  author = {{U.S. Department of Education}},
  url = {https://charterschoolcenter.ed.gov/faqs}, 
  urldate = {2018-06-25}
}

@misc{KIPP,
  title = {KIPP North Star Academy},
  author = {{KIPP}},
  url = {http://www.kipp.org/school/kipp-north-star-academy/},
  urldate = {2018-06-25},
  year = {2017}
}

@misc{DepartmentOfEducation2004,
  title = {Evaluation of Public Charter Schools Program: Final Evaluation Report},
  year = {2004},
  publisher = {U.S. Department of Education},
  author = {Kara Finnigan and Nancy Adelman and Lee Anderson and Lynyonne Cotton and Mary Beth Donnelly and Tiffany Price},
  address = {Washington, D.C.}
}

@misc{MNDepartmentOfEducation,
  title = {Minnesota Department of Education Data Center},
  author = {{Minnesota Department of Education}},
  url = {https://education.mn.gov/MDE/Data/},
  urldate = {2018-06-25}
}

@misc{IPEDS,
  title = {The Integrated Postsecondary Education Data System},
  author = {{National Center for Education Statistics}},
  url = {https://nces.ed.gov/ipeds/},
  urldate = {2018-06-25}
}

@unpublished{Bayer2011,
  author = {Ben Bayer and Michael Fitzgerald},
  title = {Reconstructing Alabama: Reconstruction Era Demographic and Statistical Research},
  year = {2011},
  organization = {St. Olaf College},
  note = {Senior IR Project}
}

@unpublished{Awad2017,
  author = {Annika Awad and Evan Lebo and Anna Linden},
  year  = {2017},
  title = {Intercontinental Comparative Analysis of Airbnb Booking Factors},
  publisher = {Project for Statistics 316-Advanced Statistical Modeling, St. Olaf College}
}

@unpublished{Dahlquist2011,
  author = {Samantha Dahlquist and Jin Dong},
  year  = {2011},
  title = {The Effects of Credit Cards on Tipping},
  publisher = {Project for Statistics 212-Statistics for the Sciences, St. Olaf College}
}

@unpublished{Strutz2013,
  author = {Adam Sturtz and Alex Lampert and Trent Friedrich},
  title = {Project 5183},
  year = {2013},
  publisher = {Project for Statistics 316-Advanced Statistical Modeling, St. Olaf College}
}

@unpublished{Fast2011,
  author = {Shannon Fast and Thomas Hegland},
  title = {Book Challenges},
  subtitle = {A Statistical Examination},
  year = {2011},
  publisher = {Project for Statistics 316-Advanced Statistical Modeling, St. Olaf College}
}

@unpublished{Trinh2018,
  author = {Ly Trinh and Pony Ameri},
  title = {Airbnb Price Determinants},
  subtitle = {A Multilevel Modeling Approach},
  year = {2018},
  publisher = {Project for Statistics 316-Advanced Statistical Modeling, St. Olaf College}
}

@unpublished{Renier2018,
  author = {Margaret Blakeman and Tim Renier and Rami Shandaq},
  title = {Modeling Donald Trump's Voters in the 2016 Election},
  year = {2018},
  publisher = {Project for Statistics 316-Advanced Statistical Modeling, St. Olaf College}
}

@misc{Angell2010,
  author = {Diane Angell},
  year = {2010},
  title = {Effects of soil type and sterilization on the growth of coneflowers and leadplants},
  publisher = {Class data for Biology 261-Ecological Principles, St. Olaf College}
}

@misc{Pray2009,
  author = {Ian Pray},
  year = {2009},
  title = {Effects of rainfall and sun exposure on leaf characteristics},
  publisher = {Project for Bio in South India, St. Olaf College}
}

@misc{Allison2005,
  author = {E. H. Allison and W. N. Adger and M. C. Badjeck and K. Brown and 
            D. Conway and N. K. Dulvy and A. Halls and A. Perry and J. D. Reynolds},
  title = {Effects of Climate Change on the Sustainability of Capture and Enhancement
           Fisheries Important to the Poor},
  subtitle = {Analysis of the Vulnerability and Adaptability of Fisherfolk Living in Poverty},
  year = {2005},
  publisher = {Fisheries Management Science Programme}
}

@misc{Hickey2014,
  title = {The Dollar-And-Cents Case Against Hollywoodâ€™s Exclusion of Women},
  author = {Walt Hickey},
  publisher = {FiveThirtyEight},
  year = {2014},
  month = {april},
  url = {https://fivethirtyeight.com/features/the-dollar-and-cents-case-against-hollywoods-exclusion-of-women/}
}